<record><leader>00000cas a22000007a 4500</leader><controlfield tag="001">20494158</controlfield><controlfield tag="008">891016d19751975nducr ne      0    0eng d</controlfield><datafield ind1=" " ind2=" " tag="010"><subfield code="a">sn 89074337 </subfield></datafield><datafield ind1=" " ind2=" " tag="040"><subfield code="a">NOP</subfield><subfield code="b">eng</subfield><subfield code="c">NOP</subfield><subfield code="d">OCLCQ</subfield></datafield><datafield ind1=" " ind2=" " tag="042"><subfield code="a">msc</subfield></datafield><datafield ind1="0" ind2="4" tag="245"><subfield code="a">The Mandan rough rider.</subfield></datafield><datafield ind1=" " ind2=" " tag="260"><subfield code="a">Mandan, N.D. :</subfield><subfield code="b">Joe Isakson</subfield></datafield><datafield ind1=" " ind2=" " tag="300"><subfield code="a">1 v. :</subfield><subfield code="b">ill. ;</subfield><subfield code="c">58 cm.</subfield></datafield><datafield ind1=" " ind2=" " tag="310"><subfield code="a">Semiweekly</subfield></datafield><datafield ind1="0" ind2=" " tag="362"><subfield code="a">Vol. 1, no. 1 (Aug. 24, 1975)-v. 1, no. 35 (Dec. 28, 1975).</subfield></datafield><datafield ind1=" " ind2=" " tag="530"><subfield code="a">Available on microfilm from the State Historical Society of North Dakota.</subfield></datafield><datafield ind1=" " ind2=" " tag="752"><subfield code="a">United States</subfield><subfield code="b">North Dakota</subfield><subfield code="c">Morton</subfield><subfield code="d">Mandan.</subfield></datafield><datafield ind1="0" ind2="0" tag="785"><subfield code="t">Mandan roughrider news</subfield><subfield code="w">(DLC)sn 89074338</subfield></datafield></record>